@article{cossu00,
	title = "On the stability of a spring-mounted circular cylinder in a viscous flow at low Reynolds Numbers",
	journal = "Journal of Fluids and Structures",
	volume = "14",
	pages = "183-196",
	year = "2000",
	issn = "7",
	author = "Carlo Cossu and L. Morino",
}
